% Encoding: UTF-8

@Article{BrezhnevaTretyakovEtAl2009SimpleElementaryProof,
  author    = {Brezhneva, Olga A and Tret'yakov, Alexey A and Wright, Stephen E},
  journal   = {Optimization Letters},
  title     = {A simple and elementary proof of the Karush--Kuhn--Tucker theorem for inequality-constrained optimization},
  year      = {2009},
  number    = {1},
  pages     = {7--10},
  volume    = {3},
  publisher = {Springer},
}

@Article{vandenBergVerhoef2016AutonomousCarsDynamic,
  author  = {{van den Berg}, Vincent AC and Verhoef, Erik T},
  journal = {Transportation Research Part B: Methodological},
  title   = {Autonomous cars and dynamic bottleneck congestion: The effects on capacity, value of time and preference heterogeneity},
  year    = {2016},
  pages   = {43--60},
  volume  = {94},
}

@InProceedings{Goodwin2019InfluenceTechnologiesLifestyle,
  author       = {Goodwin, Phil},
  title        = {{The Influence of Technologies and Lifestyle on the Value of Time}},
  booktitle    = {International Transport Forum Discussion Papers},
  year         = {2019},
  number       = {2019/03},
  month        = feb,
  organization = {OECD Publishing},
  url          = {https://www.itf-oecd.org/influence-technologies-and-lifestyle-value-time},
  urldate      = {2019-03-14},
}

@Article{ShawMalokinEtAl2019ItsNotAll,
  author  = {Shaw, F Atiyya and Malokin, Aliaksandr and Mokhtarian, Patricia L and Circella, Giovanni},
  journal = {Travel Behaviour and Society},
  title   = {It's not all fun and games: an investigation of the reported benefits and disadvantages of conducting activities while commuting},
  year    = {2019},
  pages   = {8--25},
  volume  = {17},
}

@Article{MilakisVanAremEtAl2017PolicySocietyRelated,
  author  = {Milakis, Dimitris and Van Arem, Bart and Van Wee, Bert},
  journal = {Journal of Intelligent Transportation Systems},
  title   = {Policy and society related implications of automated driving: A review of literature and directions for future research},
  year    = {2017},
  number  = {4},
  pages   = {324--348},
  volume  = {21},
}

@Article{BahamondeBirkeKickhoeferEtAl2018SystemicViewAutonomous,
  author  = {Bahamonde-Birke, Francisco J and Kickh{\"o}fer, Benjamin and Heinrichs, Dirk and Kuhnimhof, Tobias},
  journal = {disP-The Planning Review},
  title   = {A systemic view on autonomous vehicles: Policy aspects for a sustainable transportation planning},
  year    = {2018},
  number  = {3},
  pages   = {12--25},
  volume  = {54},
}

@Article{Singleton2019DiscussingpositiveUtilities,
  author  = {Singleton, Patrick A},
  journal = {Transport reviews},
  title   = {Discussing the "positive utilities" of autonomous vehicles: will travellers really use their time productively?},
  year    = {2019},
  number  = {1},
  pages   = {50--65},
  volume  = {39},
}

@Article{Liu2018EquilibriumAnalysisCommuter,
  author  = {Liu, Wei},
  journal = {Transportation Research Part C: Emerging Technologies},
  title   = {An equilibrium analysis of commuter parking in the era of autonomous vehicles},
  year    = {2018},
  pages   = {191--207},
  volume  = {92},
}

@Article{KroegerKuhnimhofEtAl2019DoesContextMatter,
  author  = {Kr{\"o}ger, Lars and Kuhnimhof, Tobias and Trommer, Stefan},
  journal = {Transportation research part A: Policy and Practice},
  title   = {{Does} context matter? {A} comparative study modelling autonomous vehicle impact on travel behaviour for {Germany} and the {USA}},
  year    = {2019},
  pages   = {146--161},
  volume  = {122},
}

@Article{FosgerauEngelson2011ValueTravelTime,
  author  = {Fosgerau, Mogens and Engelson, Leonid},
  journal = {Transportation Research Part B: Methodological},
  title   = {The value of travel time variance},
  year    = {2011},
  number  = {1},
  pages   = {1--8},
  volume  = {45},
}

@Article{FosgerauKarlstroem2010ValueReliability,
  author  = {Fosgerau, Mogens and Karlstr{\"o}m, Anders},
  journal = {Transportation Research Part B: Methodological},
  title   = {The value of reliability},
  year    = {2010},
  number  = {1},
  pages   = {38--49},
  volume  = {44},
}

@Article{Becker1965TheoryAllocationTime,
  author  = {Becker, Gary S},
  title   = {A Theory of the Allocation of Time},
  journal = {The Economic Journal},
  year    = {1965},
  volume  = {75},
  number  = {299},
  pages   = {493--517},
}

@Article{Johnson1966TravelTimePrice,
  author  = {Johnson, M Bruce},
  journal = {Western Economic Journal},
  title   = {Travel time and the price of leisure},
  year    = {1966},
  number  = {2},
  pages   = {135--145},
  volume  = {4},
}

@Article{DeSerpa1971TheoryEconomicsTime,
  author  = {DeSerpa, Allan C},
  journal = {The Economic Journal},
  title   = {A theory of the economics of time},
  year    = {1971},
  number  = {324},
  pages   = {828--846},
  volume  = {81},
}

@Article{Oort1969EvaluationTravellingTime,
  author  = {Oort, Coenraad Jan},
  journal = {Journal of Transport Economics and Policy},
  title   = {The evaluation of travelling time},
  year    = {1969},
  volume  = {3},
  number  = {3},
  pages   = {279--286},
}

@Article{FosgerauSmall2017EndogenousSchedulingPreferences,
  author    = {Fosgerau, Mogens and Small, Kenneth},
  journal   = {International Economic Review},
  title     = {Endogenous scheduling preferences and congestion},
  year      = {2017},
  number    = {2},
  pages     = {585--615},
  volume    = {58},
  publisher = {Wiley Online Library},
}

@Article{Small1982SchedulingConsumerActivities,
  author  = {Small, Kenneth A},
  journal = {The American Economic Review},
  title   = {The scheduling of consumer activities: work trips},
  year    = {1982},
  number  = {3},
  pages   = {467--479},
  volume  = {72},
}

@Article{TrainMcFadden1978GoodsleisureTradeoffDisaggregate,
  author    = {Train, Kenneth and McFadden, Daniel},
  journal   = {Transportation research},
  title     = {The goods/leisure tradeoff and disaggregate work trip mode choice models},
  year      = {1978},
  number    = {5},
  pages     = {349--353},
  volume    = {12},
  publisher = {Elsevier},
}

@Book{delaFuente2000MathematicalMethodsModels,
  author    = {{de la Fuente}, Angel},
  publisher = {Cambridge University Press},
  title     = {Mathematical Methods and Models for Economists},
  year      = {2000},
}

@Comment{jabref-meta: databaseType:bibtex;}
